@electronic{imagemagick,
  title = {ImageMagick},
  url = {http://www.imagemagick.org/}
}

@electronic{nodejs,
  title = {NodeJS},
  url = {http://www.nodejs.org/}
}

@electronic{aws,
  title = {AWS},
  url = {https://aws.amazon.com/}
}

@electronic{aws-ami,
  title = {AWS AMI},
  notes = {\url{http://docs.aws.amazon.com/AWSEC2/latest/UserGuide/AMIs.html}}
}

@electronic{landsat_s3,
  title = {AWS AMI},
  notes = {\url{http://docs.aws.amazon.com/AWSEC2/latest/UserGuide/AMIs.html}}
}

@article{poisson,

}

@article{od-s,

}

@electronic{typescript,

}

@electronic{reactivex,

}

@electronic{elasticsearch,

}

@electronic{express,

}

@techreport{rfc3302,
  author = {G Parsons and J Rafferty},
  title = {Tag Image File Format (TIFF)},
  howpublished = {Internet Requests for Comments},
  type = {RFC} ,
  number = 3302,
  year = {2002},
  month = {September},
  url = {http://www.rfc-editor.org/rfc/rfc3302.txt}
}

@article{jpeg,
    author = {Gregory K. Wallace},
    title = {The JPEG still picture compression standard},
    journal = {Communications of the ACM},
    year = {1991},
    pages = {30--44}
}

 @techreport{rfc7159,
  author = {T. Bray},
  title = {The JavaScript Object Notation (JSON) Data Interchange Format},
  howpublished = {Internet Requests for Comments},
  type = {RFC} ,
  number = 7159,
  year = {2014},
  month = {March},
  url = {http://www.rfc-editor.org/rfc/rfc7159.txt}
}

@misc{aws_batch,
  author = {Amazon Web Services},
  title = {Batch Processing},
  notes = {\url{https://media.amazonwebservices.com/architecturecenter/AWS_ac_ra_batch_03.pdf}}
}